<?xml version='1.0' encoding='UTF-8'?>
<record xmlns="http://www.loc.gov/MARC21/slim">
  <leader>00740cam a2200193Mi 4500</leader>
  <controlfield tag="001">1297710</controlfield>
  <controlfield tag="003">NjP</controlfield>
  <controlfield tag="005">20100809120143.0</controlfield>
  <controlfield tag="008">920311q19341935ua            000 0 ara d</controlfield>
  <datafield tag="024" ind1="7" ind2=" ">
    <subfield code="a">princeton_aco003215</subfield>
    <subfield code="2">local</subfield>
  </datafield>
  <datafield ind1=" " ind2=" " tag="035">
    <subfield code="a">(OCoLC)ocm33994712</subfield>
  </datafield>
  <datafield ind1=" " ind2=" " tag="035">
    <subfield code="9">CDU0488TS</subfield>
  </datafield>
  <datafield ind1=" " ind2=" " tag="040">
    <subfield code="a">HLS</subfield>
    <subfield code="c">HLS</subfield>
    <subfield code="d">PUL</subfield>
  </datafield>
  <datafield ind1="1" ind2=" " tag="100">
    <subfield code="a">Qādirī, Ismāʻīl ibn al-Sayyid Muḥammad Saʻīd.</subfield>
  </datafield>
  <datafield ind1="1" ind2="3" tag="245">
    <subfield code="a">al-Fuyūḍāt al-rabbānīyah fī al-maʾāthir wa-al-awrād al-Qādirīyah :</subfield>
    <subfield code="b">wa-yalīhi al-Qaṣīdah al-khamrīyah.</subfield>
  </datafield>
  <datafield ind1=" " ind2=" " tag="260">
    <subfield code="a">[Miṣr :</subfield>
    <subfield code="b">s.n.],</subfield>
    <subfield code="c">1353 [1934 or 1935]</subfield>
    <subfield code="e">(al-Qāhirah :</subfield>
    <subfield code="f">Muṣṭafá al-Bābī al-Ḥalabī)</subfield>
  </datafield>
  <datafield ind1=" " ind2=" " tag="300">
    <subfield code="a">206 p.</subfield>
  </datafield>
  <datafield ind1=" " ind2=" " tag="590">
    <subfield code="a">Photocopy.</subfield>
  </datafield>
  <datafield ind1=" " ind2=" " tag="947">
    <subfield code="a">CDU0488</subfield>
  </datafield>
  <datafield ind1=" " ind2=" " tag="911">
    <subfield code="a">20000130</subfield>
  </datafield>
  <datafield ind1="0" ind2="0" tag="852">
    <subfield code="0">1490883</subfield>
    <subfield code="b">rcppa</subfield>
    <subfield code="t">0</subfield>
    <subfield code="h">BP189.7.Q3</subfield>
    <subfield code="i">Q235 1934</subfield>
    <subfield code="x">tr fr nec</subfield>
  </datafield>
  <datafield ind1=" " ind2=" " tag="959">
    <subfield code="a">2000-06-13 00:00:00 -0400</subfield>
  </datafield>
</record>
